<?xml version="1.0" encoding="UTF-8"?><collection xmlns="http://www.loc.gov/MARC21/slim"><record><leader>00488nam--2200121-i-4500</leader><controlfield tag="001">000025599</controlfield><controlfield tag="002">20161230</controlfield><controlfield tag="005">20161230201036</controlfield><controlfield tag="008">060222s1000------------r-----000-0-eng-d</controlfield><datafield ind1=" " ind2=" " tag="080"><subfield code="a">5(091)(082.2)</subfield></datafield><datafield ind1=" " ind2=" " tag="245"><subfield code="a">The 16th international congress of the history of science under the auspices of unesco, iuhps/drs and the academy of the socialist republic of romania, bucharest, 1981. d. commemorations</subfield></datafield><datafield ind1=" " ind2=" " tag="260"><subfield code="a">Bucharest, Academy Of The Socialist Republic Of Romania, 1981, 363p</subfield></datafield><datafield ind1=" " ind2=" " tag="852"><subfield code="a">49000</subfield></datafield></record></collection>